@article{pymatgen,
  title={Python Materials Genomics (pymatgen): A robust, open-source python library for materials analysis},
  author={Ong, Shyue Ping and Richards, William Davidson and Jain, Anubhav and Hautier, Geoffroy and Kocher, Michael and
   Cholia, Shreyas and Gunter, Dan and Chevrier, Vincent L and Persson, Kristin A and Ceder, Gerbrand},
  journal={Computational Materials Science},
  volume={68},
  pages={314--319},
  year={2013},
  publisher={Elsevier}
}

@article{elate,
doi = {10.1088/0953-8984/28/27/275201},
url = {https://dx.doi.org/10.1088/0953-8984/28/27/275201},
year = {2016},
month = {may},
publisher = {IOP Publishing},
volume = {28},
number = {27},
pages = {275201},
author = {Romain Gaillac and Pluton Pullumbi and Fran√ßois-Xavier Coudert},
title = {ELATE: an open-source online application for analysis and visualization of elastic tensors},
journal = {Journal of Physics: Condensed Matter},
}

@article{MTEX,
  title={Calculating anisotropic physical properties from texture data using the MTEX open-source package},
  author={Mainprice, David and Hielscher, Ralf and Schaeben, Helmut},
  journal={Geological Society, London, Special Publications},
  volume={360},
  number={1},
  pages={175--192},
  year={2011},
  publisher={The Geological Society of London London}
}

@book{nye,
  title={Physical properties of crystals: their representation by tensors and matrices},
  author={Nye, John Frederick},
  year={1985},
  publisher={Oxford university press}
}

@article{MaterialsProject,
    author = {Jain, Anubhav and Ong, Shyue Ping and Hautier, Geoffroy and Chen, Wei and Richards, William Davidson and Dacek, Stephen and Cholia, Shreyas and Gunter, Dan and Skinner, David and Ceder, Gerbrand and Persson, Kristin A.},
    title = {Commentary: The Materials Project: A materials genome approach to accelerating materials innovation},
    journal = {APL Materials},
    volume = {1},
    number = {1},
    pages = {011002},
    year = {2013},
    month = {07},
    issn = {2166-532X},
    doi = {10.1063/1.4812323},
    url = {https://doi.org/10.1063/1.4812323},
    eprint = {https://pubs.aip.org/aip/apm/article-pdf/doi/10.1063/1.4812323/13163869/011002\_1\_online.pdf},
}