@misc{flows,
      title={Variational Inference with Normalizing Flows}, 
      author={Danilo Jimenez Rezende and Shakir Mohamed},
      year={2016},
      eprint={1505.05770},
      archivePrefix={arXiv},
      primaryClass={stat.ML},
      url={https://arxiv.org/abs/1505.05770}, 
}

@misc{ffjord,
      title={FFJORD: Free-form Continuous Dynamics for Scalable Reversible Generative Models}, 
      author={Will Grathwohl and Ricky T. Q. Chen and Jesse Bettencourt and Ilya Sutskever and David Duvenaud},
      year={2018},
      eprint={1810.01367},
      archivePrefix={arXiv},
      primaryClass={cs.LG},
      url={https://arxiv.org/abs/1810.01367}, 
}

@misc{neuralodes,
      title={Neural Ordinary Differential Equations}, 
      author={Ricky T. Q. Chen and Yulia Rubanova and Jesse Bettencourt and David Duvenaud},
      year={2019},
      eprint={1806.07366},
      archivePrefix={arXiv},
      primaryClass={cs.LG},
      url={https://arxiv.org/abs/1806.07366}, 
}

@misc{blackjax,
      title={BlackJAX: Composable {B}ayesian inference in {JAX}},
      author={Alberto Cabezas and Adrien Corenflos and Junpeng Lao and Rémi Louf},
      year={2024},
      eprint={2402.10797},
      archivePrefix={arXiv},
      primaryClass={cs.MS}
}

@misc{mafs,
      title={Masked Autoregressive Flow for Density Estimation}, 
      author={George Papamakarios and Theo Pavlakou and Iain Murray},
      year={2018},
      eprint={1705.07057},
      archivePrefix={arXiv},
      primaryClass={stat.ML},
      url={https://arxiv.org/abs/1705.07057}, 
}

@software{flowjax,
  title = {FlowJAX: Distributions and Normalizing Flows in Jax},
  author = {Daniel Ward},
  url = {https://github.com/danielward27/flowjax},
  version = {16.0.0},
  year = {2024},
  doi = {10.5281/zenodo.10402073},
}

@misc{flowmatching,
      title={Flow Matching for Generative Modeling}, 
      author={Yaron Lipman and Ricky T. Q. Chen and Heli Ben-Hamu and Maximilian Nickel and Matt Le},
      year={2023},
      eprint={2210.02747},
      archivePrefix={arXiv},
      primaryClass={cs.LG},
      url={https://arxiv.org/abs/2210.02747}, 
}

@inproceedings{optuna,
  title={{O}ptuna: A Next-Generation Hyperparameter Optimization Framework},
  author={Akiba, Takuya and Sano, Shotaro and Yanase, Toshihiko and Ohta, Takeru and Koyama, Masanori},
  booktitle={The 25th ACM SIGKDD International Conference on Knowledge Discovery \& Data Mining},
  pages={2623--2631},
  year={2019}
}

@article{sbi,
   title={The frontier of simulation-based inference},
   volume={117},
   ISSN={1091-6490},
   url={http://dx.doi.org/10.1073/pnas.1912789117},
   DOI={10.1073/pnas.1912789117},
   number={48},
   journal={Proceedings of the National Academy of Sciences},
   publisher={Proceedings of the National Academy of Sciences},
   author={Cranmer, Kyle and Brehmer, Johann and Louppe, Gilles},
   year={2020},
   month=may, pages={30055–30062} }


@article{delfi,
   title={Fast likelihood-free cosmology with neural density estimators and active learning},
   ISSN={1365-2966},
   url={http://dx.doi.org/10.1093/mnras/stz1960},
   DOI={10.1093/mnras/stz1960},
   journal={Monthly Notices of the Royal Astronomical Society},
   publisher={Oxford University Press (OUP)},
   author={Alsing, Justin and Charnock, Tom and Feeney, Stephen and Wandelt, Benjamin},
   year={2019},
   month=jul }

@misc{papamakarios,
      title={Neural Density Estimation and Likelihood-free Inference}, 
      author={George Papamakarios},
      year={2019},
      eprint={1910.13233},
      archivePrefix={arXiv},
      primaryClass={stat.ML},
      url={https://arxiv.org/abs/1910.13233}, 
}

@misc{npe,
      title={Automatic Posterior Transformation for Likelihood-Free Inference}, 
      author={David S. Greenberg and Marcel Nonnenmacher and Jakob H. Macke},
      year={2019},
      eprint={1905.07488},
      archivePrefix={arXiv},
      primaryClass={cs.LG},
      url={https://arxiv.org/abs/1905.07488}, 
}

@software{jax,
  author = {James Bradbury and Roy Frostig and Peter Hawkins and Matthew James Johnson and Chris Leary and Dougal Maclaurin and George Necula and Adam Paszke and Jake Vander{P}las and Skye Wanderman-{M}ilne and Qiao Zhang},
  title = {{JAX}: composable transformations of {P}ython+{N}um{P}y programs},
  url = {http://github.com/jax-ml/jax},
  version = {0.3.13},
  year = {2018},
}

@article{equinox,
    author={Patrick Kidger and Cristian Garcia},
    title={{E}quinox: neural networks in {JAX} via callable {P}y{T}rees and filtered transformations},
    year={2021},
    journal={Differentiable Programming workshop at Neural Information Processing Systems 2021}
}

@software{optax,
  title = {The {D}eep{M}ind {JAX} {E}cosystem},
  author = {DeepMind and Babuschkin, Igor and Baumli, Kate and Bell, Alison and Bhupatiraju, Surya and Bruce, Jake and Buchlovsky, Peter and Budden, David and Cai, Trevor and Clark, Aidan and Danihelka, Ivo and Dedieu, Antoine and Fantacci, Claudio and Godwin, Jonathan and Jones, Chris and Hemsley, Ross and Hennigan, Tom and Hessel, Matteo and Hou, Shaobo and Kapturowski, Steven and Keck, Thomas and Kemaev, Iurii and King, Michael and Kunesch, Markus and Martens, Lena and Merzic, Hamza and Mikulik, Vladimir and Norman, Tamara and Papamakarios, George and Quan, John and Ring, Roman and Ruiz, Francisco and Sanchez, Alvaro and Sartran, Laurent and Schneider, Rosalia and Sezener, Eren and Spencer, Stephen and Srinivasan, Srivatsan and Stanojevi\'{c}, Milo\v{s} and Stokowiec, Wojciech and Wang, Luyu and Zhou, Guangyao and Viola, Fabio},
  url = {http://github.com/google-deepmind},
  year = {2020},
}

@misc{diffrax,
      title={On Neural Differential Equations}, 
      author={Patrick Kidger},
      year={2022},
      eprint={2202.02435},
      archivePrefix={arXiv},
      primaryClass={cs.LG},
      url={https://arxiv.org/abs/2202.02435}, 
}

@misc{homer,
      title={Simulation-based inference has its own Dodelson-Schneider effect (but it knows that it does)}, 
      author={Jed Homer and Oliver Friedrich and Daniel Gruen},
      year={2024},
      eprint={2412.02311},
      archivePrefix={arXiv},
      primaryClass={astro-ph.CO},
      url={https://arxiv.org/abs/2412.02311}, 
}

@article{sbimacke,
  doi = {10.21105/joss.02505},
  url = {https://doi.org/10.21105/joss.02505},
  year = {2020},
  publisher = {The Open Journal},
  volume = {5},
  number = {52},
  pages = {2505},
  author = {Alvaro Tejero-Cantero and Jan Boelts and Michael Deistler and Jan-Matthis Lueckmann and Conor Durkan and Pedro J. Gonçalves and David S. Greenberg and Jakob H. Macke},
  title = {sbi: A toolkit for simulation-based inference},
  journal = {Journal of Open Source Software}
}

@software{sbidirmeir,
  author = {Simon Dirmeir},
  title = {SBIJAX: Simulation-based inference in JAX.},
  url = {https://github.com/dirmeier/sbijax},
  version = {0.3.0},
  year = {2024},
}