%% This BibTeX bibliography file was created using BibDesk.
%% https://bibdesk.sourceforge.io/

%% Created for Brian Helenbrook at 2024-08-10 07:32:23 -0400 


%% Saved with string encoding Unicode (UTF-8) 


@comment{jabref-meta: grouping: 0 AllEntriesGroup:; 1 AutomaticKeywordGroup:Category\;0\;keywords\;\\\;\;>\;1\;\;\;\;; }
@comment{jabref-meta: grouping: 0 AllEntriesGroup:; 1 KeywordGroup:conference\;0\;keywords\;conference\;0\;0\;1\;0x8a8a8aff\;\;conference papers\;; 1 KeywordGroup:journal\;0\;keywords\;journal\;0\;0\;1\;0x8a8a8aff\;\;journal articles\;; 1 KeywordGroup:arXiv\;0\;keywords\;arXiv\;0\;0\;1\;0x8a8a8aff\;\;arXiv articles\;; 1 KeywordGroup:invited\;0\;keywords\;invited\;0\;0\;1\;0x8a8a8aff\;\;invited talks\;; 1 KeywordGroup:book\;0\;keywords\;book\;0\;0\;1\;0x8a8a8aff\;\;books and chapters\;; 1 KeywordGroup:techreport\;0\;keywords\;techreport\;0\;0\;1\;0x8a8a8aff\;\;technical reports\;; 1 KeywordGroup:refereed\;0\;keywords\;refereed\;0\;0\;1\;0x8a8a8aff\;\;refereed conference papers\;; 1 KeywordGroup:patent\;0\;keywords\;patent\;0\;0\;1\;0x8a8a8aff\;\;patents\;; 1 KeywordGroup:ignore\;0\;keywords\;patent\;0\;0\;1\;0x8a8a8aff\;\;ignore\;; }
